<record><leader>00000cas a22000007a 4500</leader><controlfield tag="001">17899851</controlfield><controlfield tag="008">880505d1949195uohuer ne      0    0eng d</controlfield><datafield ind1=" " ind2=" " tag="010"><subfield code="a">sn 88078483 </subfield></datafield><datafield ind1=" " ind2=" " tag="040"><subfield code="a">ONP</subfield><subfield code="b">eng</subfield><subfield code="c">ONP</subfield><subfield code="d">OCLCQ</subfield></datafield><datafield ind1=" " ind2=" " tag="042"><subfield code="a">msc</subfield></datafield><datafield ind1="0" ind2="0" tag="245"><subfield code="a">Canal Fulton shopper.</subfield></datafield><datafield ind1=" " ind2=" " tag="260"><subfield code="a">Canal Fulton, Ohio :</subfield><subfield code="b">Kenneth Markham</subfield></datafield><datafield ind1=" " ind2=" " tag="300"><subfield code="a">v.</subfield></datafield><datafield ind1=" " ind2=" " tag="310"><subfield code="a">Biweekly</subfield></datafield><datafield ind1="1" ind2=" " tag="362"><subfield code="a">Began in 1949.</subfield></datafield><datafield ind1=" " ind2=" " tag="588"><subfield code="a">Description based on: Vol. 4, no. 15 (July 22, 1953).</subfield></datafield><datafield ind1=" " ind2=" " tag="752"><subfield code="a">United States</subfield><subfield code="b">Ohio</subfield><subfield code="c">Stark</subfield><subfield code="d">Canal Fulton.</subfield></datafield><datafield ind1="0" ind2="0" tag="785"><subfield code="t">Canal Fulton shopper and Manchester &amp; Clinton suburban news</subfield><subfield code="w">(DLC)sn 88078484</subfield></datafield></record>